@misc{tcmalloc,
  title={TCMalloc: Thread-Caching Malloc},
  author={Google},
  url={https://google.github.io/tcmalloc/}
}

@inproceedings{snmalloc2019,
  title={snmalloc: A Message Passing Allocator},
  author={Liétor-Santos, Julián and others},
  booktitle={ISMM},
  year={2019}
}
